
@article{apt:94,
  author={K.R. Apt and R.N. Bol},
  title={Logic programming and negation: A survey},
  journal={Journal of Logic Programming},
  year=1994,
  volume= {19,20},
  pages={9-71}
}


@article{brewka:plp,
  author={G. Brewka}, 
  title={Well-founded semantics for extended logic programs with
          dynamic preferences},
  journal={Journal of Artificial Intelligence Research},
  year=1996, 
  volume=4,
  pages={19-36}
}

@article{be:aij,
  author={G. Brewka and T. Eiter},
  title={Preferred answer sets for extended logic programs},
  journal={Artificial Intelligence},
  year=1999,
  volume=109,
  pages={297-356}
}

@conference{ch:stra,
  author={P. Choelwinski},
  title={Stratified default logic},
  booktitle={Proceedings of Computer Science Logic}, 
  year=1994,
  publisher={Springer, LNCS 933},
  pages={456-470}
}

@book{lp:92,
  author={S.K. Das},
  title={Deductive Database and Logic Programming},
  publisher={Addison-Wesley Publishers Ltd},
  year=1992
}

@conference{d:plp,
  author={J. Delgrande and T. Schaub and H. Tompits},
  title={Logic programs with complied preferences},
  booktitle={Proceedings of the 14th European Conference
                on Artificial Intelligence (ECAI-2000)}, 
  year=2000,
  pages={392-398}
}

@conference{gl:stable,
  author={M. Gelfond and V. Lifschitz},
  title={The stable model semantics for logic programming},
  booktitle={Proceedings of the Fifth Joint International
              Conference and Symposium},
  year=1988,
  publisher={MIT Press},
  pages={1070-1080}
}


@article{gl:logic,
  author={M. Gelfond and V. Lifschitz},
  title={Classical negation in logic programs and disjunctive databases},
  journal={New Generation Computing}, 
  volume={9},
  year=1991,
  pages={365-386}
}

@conference{ms:98,
   author={M. Gelfond and T.C. Son},
   title={Reasoning with prioritized defaults},
   booktitle={LNAI 1471},
   year=1998,
   publisher={Springer}, 
   pages={164-224},
}

@conference{g:97,
   author={B.N. Grosof},
   title={Prioritized conflict handling for logic programs},
   booktitle={Proceedings of the 1997 International Logic Program Symposium
              (ILPS'97)}, 
   publisher={MIT Press},
   year=1997,
   pages={197-212}
}

@conference{lt:lp94,
    author={V. Lifschitz and H. Turner},
    title={Splitting a logic program},
    booktitle={Proceedings of Eleventh International Conference on Logic Programming},
    year=1994,
    publisher={MIT Press},
    pages={23-37}
}

@conference{sw:01,
    author={T. Schaub and K. Wang},
    title={A comparative study of logic programs with preference},
    booktitle={Proceedings of the 17th International Joint Conference
                on Artificial Intelligence (IJCAI-2001)},
    year={2001},
    publisher={Morgan Kaufmann Publishers Inc.},
    pages={597-602}
}

@conference{w:plp,
    author={K. Wang and L. Zhou and F. Lin},
    title={Alternating fixpoint theory for logic programs with priority},
    booktitle={Proceedings of International Joint Conference on
                  Computational Logic (CL-2000)}, 
    year=2000,
    pages={164-178}
}

@conference{yan:ijcai97,
    author={Y. Zhang and N.Y. Foo},
    title={Towards generalized rule-based updates},
    booktitle={Proceedings of the 15th International Joint Conference on 
                Artificial Intelligence (IJCAI'97)}, 
    year=1997,
    publisher={Morgan Kaufmann Publishers Inc.},
    pages={82-88}
}

@conference{yan:plp,
    author={Y. Zhang and N.Y. Foo},
    title={Answer sets for prioritized logic programs},
    booktitle={Proceedings of the 1997 International Logic Programming
               Symposium (ILPS'97)}, 
    year=1997,
    publisher={MIT Press},
    pages={69-83}
}

@conference{yan:ecai98,
    author={Y. Zhang and N.Y. Foo},
    title={Updating logic programs},
    booktitle={Proceedings of the 13th European Conference
                on Artificial Intelligence (ECAI'98)},
    year=1998,
    publisher={John Wiley \& Sons, Inc.},
    pages={403-407}
}

@conference{yan:iclp99,
     author={Y. Zhang}, 
     title={Monotonicity in rule based update},
     booktitle={Proceedings of the 1999 International Conference on 
                Logic Programming (ICLP'99)}, 
     year=1999,
     publisher={MIT Press},
     pages={471-485}
}

@conference{yan:00lp,
     author={Y. Zhang},
     title={The complexity of logic program update},
     booktitle={Proceedings of the 14th Australian Joint Conference on Artificial
                Intelligence (AI2001)},
     year=2001,
     publisher={Springer, LNAI 2256},
     pages={630-643}
}

@conference{yan:plp-impl01,
    author={Y. Zhang and C-M. Wu and Y. Bai},
    title={Implementing prioritized logic programming},
    journal={Artificial Intelligence Communications}, 
    volume={14},
    year=2001,
    pages={in Press}
}



